@article{hoffmann2000computational,
  title={Computational Fluid Dynamics {V}olume {I}},
  author={Hoffmann, Klaus A and Chiang, Steve T},
  journal={Engineering Education System, Wichita, Kan, USA},
  year={2000}
}
@book{leveque2007finite,
  title={Finite difference methods for ordinary and partial differential equations: steady-state and time-dependent problems},
  author={LeVeque, Randall J},
  year={2007},
  publisher={SIAM}
}
@misc{press1987numerical,
  title={Numerical Recipes: The Art of Scientific Computing},
  author={Press, William H and Flannery, Brian P and Teukolsky, Saul A and Vetterling, William T and Kramer, Peter B},
  edition = {2nd},
  year={1987},
  publisher={AIP}
}

@book{doi:10.1137/1.9780898718898,
author = {Kelley, C.},
title = {Solving Nonlinear Equations with Newton's Method},
publisher = {Society for Industrial and Applied Mathematics},
year = {2003},
doi = {10.1137/1.9780898718898},
address = {},
edition   = {},
URL = {http://epubs.siam.org/doi/abs/10.1137/1.9780898718898},
eprint = {http://epubs.siam.org/doi/pdf/10.1137/1.9780898718898}
}